<?xml version="1.0" encoding="UTF-8"?><collection><record><leader>05693ntm a2200553 a 4500</leader><controlfield tag="001">006812457</controlfield><controlfield tag="003">MiAaHDL</controlfield><controlfield tag="005">20190719000000.0</controlfield><controlfield tag="006">m        d        </controlfield><controlfield tag="007">cr bn ---auaua</controlfield><controlfield tag="008">090603s12uu    ua            00| ||ara d</controlfield><datafield tag="035" ind1=" " ind2=" "><subfield code="a">(MiU)006812457</subfield></datafield><datafield tag="035" ind1=" " ind2=" "><subfield code="a">sdr-miu006812457</subfield></datafield><datafield tag="040" ind1=" " ind2=" "><subfield code="a">MiU</subfield><subfield code="c">MiU</subfield><subfield code="e">amremm</subfield></datafield><datafield tag="043" ind1=" " ind2=" "><subfield code="a">n-us-mi</subfield></datafield><datafield tag="100" ind1="0" ind2=" "><subfield code="6">880-01</subfield><subfield code="a">Abū Dāʾūd Sulaymān ibn al-Ashʻath al-Sijistānī</subfield><subfield code="d">817 or 818-889.</subfield></datafield><datafield tag="240" ind1="1" ind2="0"><subfield code="6">880-02</subfield><subfield code="a">Sunan.</subfield><subfield code="n">juzʼ 2</subfield></datafield><datafield tag="245" ind1="1" ind2="3"><subfield code="6">880-03</subfield><subfield code="a">[al-Juzʼ al-thānī min Kitāb al-Sunan,</subfield><subfield code="f">mid to late 13th century].</subfield></datafield><datafield tag="246" ind1="3" ind2=" "><subfield code="6">880-04</subfield><subfield code="a">Sunan Abī Dāwūd</subfield></datafield><datafield tag="260" ind1=" " ind2=" "><subfield code="a">[Cairo,</subfield><subfield code="c">1250 to 1299].</subfield></datafield><datafield tag="300" ind1=" " ind2=" "><subfield code="a">79 leaves :</subfield><subfield code="b">paper ;</subfield><subfield code="c">265 x 175 (215 x 140) mm. bound to 275 x 195 mm.</subfield></datafield><datafield tag="500" ind1=" " ind2=" "><subfield code="a">Shelfmark: Ann Arbor, University of Michigan, Special Collections Library, Isl. Ms. 495</subfield></datafield><datafield tag="500" ind1=" " ind2=" "><subfield code="a">Origin: As appears in the audition statements on the margins of fol.9a (p.17) and fol.19a (p. 37), and fol. 36b (p. 72) seemingly copied by al-Ḥasan ibn ʻAlī ibn ʻĪsá ibn al-Ḥasan al-Lakhmī, who died in the year 699 [1299 or 1300] in Cairo. Either this copy or its exemplar appears to have been authorized by al-Ḥasan ibn Muḥammad ibn Muḥammad ibn Muḥammad al-Bakrī al-Taymī al-Nīshābūrī thumma al-Dimashqī (d.656 in Cairo). Thus, the ms. was very likely copied in the mid to late 13th century. The audition statement/ijāzah in the margin of fol.19b (p.38) appears to be in the hand of al-Lakhmī's son Aḥmad.</subfield></datafield><datafield tag="500" ind1=" " ind2=" "><subfield code="a">Accompanying materials: a. Inventory cataloguing slip in hand of Winifred Smeaton Thomas. -- b. Acquisitions slip from Yahuda.</subfield></datafield><datafield tag="500" ind1=" " ind2=" "><subfield code="a">Former shelfmark: From spine label and inscription on interior of upper cover, "IL 162" (likely supplied by Yahuda).</subfield></datafield><datafield tag="500" ind1=" " ind2=" "><subfield code="a">Binding: Pasteboards covered in black cloth and black leather (modern Western quarter binding) ; board linings in sky blue paper ; in good condition.</subfield></datafield><datafield tag="500" ind1=" " ind2=" "><subfield code="a">Support: non-European (likely Arab) laid paper, approx. 32 mm for 20 vertical laidlines ; chainlines are difficult to estblish definitively ; on fol. 13a (p.25) there appear to be 5 sets of 2 chainlines, with 7-9mm between chainlines and 25-40 between sets.</subfield></datafield><datafield tag="500" ind1=" " ind2=" "><subfield code="a">Decoration: Lacks decoration or rubrication ; ink has faded to brown.</subfield></datafield><datafield tag="500" ind1=" " ind2=" "><subfield code="a">Script: Naskh ; one main hand, Egyptian (?) ; serrifed with a prominent rightward tear-drop serif on free-standing alif ; the lām-alif al-muḥaqqaqah is often used ; counters are inconsistent ; kāf often lacks bar ; mainly pointed ; audition statements, etc. are unpointed.</subfield></datafield><datafield tag="500" ind1=" " ind2=" "><subfield code="a">Layout: Written in 25 lines per page ; frame-ruled.</subfield></datafield><datafield tag="500" ind1=" " ind2=" "><subfield code="a">Collation: V-5 (5), V-6 (9), 7 V(79) ; chiefly quinions ; foliation in Hindu-Arabic numerals attests to the fragmentary nature of the present artifact ; catchwords lacking ; pagination in pencil, Western numerals (supplied during cataloguing).</subfield></datafield><datafield tag="500" ind1=" " ind2=" "><subfield code="a">Colophon: "Scribal," rectangular, reads: "كتبه لنفسه الحسن بن علي بن عيسى بن الحسن اللخمي ..."</subfield></datafield><datafield tag="500" ind1=" " ind2=" "><subfield code="a">Explicit: "باب الحلف بالأنداد حدثنا ابو داود ثن الحسن بن علي قال ثنا عبد الرزاق قال أخبرنا معمر عن الزهري عن حميد بن عبد الرحمن عن أبي هريرة قال قال رسول الله صلى الله عليه وسلم من حلف فقال في حلفه واللات فليقل لا إله إلا الله ومن قال لصاحبه تعال أقامرك فليتصدق بشىء"</subfield></datafield><datafield tag="500" ind1=" " ind2=" "><subfield code="a">Incipit: "فأحكم الله عن ذلك ونهى عن ذلك حدثنا ابو داود ثنا أحمد بن شبوية المروزي ثنا عبد الله بن عثمان عن عيسى بن عبيد عن عبيد الله مولى عمر عن الضحاك بمعناه قال فوعظ الله [ في ] ذلك باب في الاستئمار "</subfield></datafield><datafield tag="500" ind1=" " ind2=" "><subfield code="a">Title supplied by cataloguer.</subfield></datafield><datafield tag="500" ind1=" " ind2=" "><subfield code="a">Ms. codex.</subfield></datafield><datafield tag="510" ind1="4" ind2=" "><subfield code="a">Hajji Khalifah. MM,</subfield><subfield code="c">iii, 622 seq., no. 7263</subfield></datafield><datafield tag="510" ind1="4" ind2=" "><subfield code="a">Brockelmann, C. GAL,</subfield><subfield code="c">I, 161</subfield></datafield><datafield tag="520" ind1="8" ind2=" "><subfield code="a">Fine early copy of a section of Abū Dāʼūd's Sunan, from roughly the middle of Kitāb al-Nikāḥ (just before Bāb fī al-istiʼmār) to the early part of Kitāb al-īmān wa-al-nudhūr (Bāb al-Ḥalf bi-al-andād). Description provided by Noah Gardiner.</subfield></datafield><datafield tag="538" ind1=" " ind2=" "><subfield code="a">Mode of access: Internet.</subfield></datafield><datafield tag="541" ind1=" " ind2=" "><subfield code="a">Acquired in 1926 from the bookseller Isaac Benjamin S.E. Yahuda via purchase transacted on his behalf by Abraham Shalom Yahuda (1877-1951), his younger brother.</subfield></datafield><datafield tag="546" ind1=" " ind2=" "><subfield code="a">Arabic.</subfield></datafield><datafield tag="561" ind1=" " ind2=" "><subfield code="a">Several significant audition statements (see fol.9a/p.17, fol.19a/p.37, fol.19b/p.38 and fol.36b/p.72) ; numerous collation notices in two distinct hands (mainly unpointed and difficult to make out), several may be in the hand of the copyist (see fol.9a/p. 17, fol.19a/p.37, fol.29b/p.58, fol.31b/p. 62, and fol.36b/p.72) or his son ; two of the statements are dated 736 [1335] and in a very difficult unpointed hand (see fol.13b/p.26 and fol.43a/p. 8).</subfield></datafield><datafield tag="650" ind1=" " ind2="0"><subfield code="a">Manuscripts, Arabic</subfield><subfield code="z">Michigan</subfield><subfield code="z">Ann Arbor.</subfield></datafield><datafield tag="650" ind1=" " ind2="0"><subfield code="a">Hadith</subfield><subfield code="v">Texts</subfield><subfield code="v">Early works to 1800.</subfield></datafield><datafield tag="700" ind1="1" ind2=" "><subfield code="6">880-06</subfield><subfield code="a">Lakhmī, al-Ḥasan ibn ʻAlī ibn ʻĪsá ibn al-Ḥasan,</subfield><subfield code="d">d. 1299 or 1300,</subfield><subfield code="e">scribe.</subfield></datafield><datafield tag="773" ind1="0" ind2=" "><subfield code="a">Yahuda Collection.</subfield></datafield><datafield tag="880" ind1="1" ind2=" "><subfield code="6">700-06/</subfield><subfield code="a">لخمي, الحسن بن علي بن عيسى بن الحسين,</subfield><subfield code="e">ناسخ.</subfield></datafield><datafield tag="880" ind1="3" ind2=" "><subfield code="6">246-04/</subfield><subfield code="a">سنن ابي داود</subfield></datafield><datafield tag="880" ind1="1" ind2="2"><subfield code="6">245-03/</subfield><subfield code="a">[الجزء الثاني من كتاب السنن,</subfield><subfield code="f">اواسط او اوائل القرن 13م].</subfield></datafield><datafield tag="880" ind1="1" ind2="0"><subfield code="6">240-02/</subfield><subfield code="a">سنن.</subfield><subfield code="n">جزء 2</subfield></datafield><datafield tag="880" ind1="0" ind2=" "><subfield code="6">100-01/</subfield><subfield code="a">ابو داود سليمان بن الاشعث السجستاني.</subfield></datafield><datafield tag="CID" ind1=" " ind2=" "><subfield code="a">006812457</subfield></datafield><datafield tag="DAT" ind1="0" ind2=" "><subfield code="a">20190719102637.0</subfield><subfield code="b">20190719000000.0</subfield></datafield><datafield tag="DAT" ind1="1" ind2=" "><subfield code="a">20190719090653.0</subfield><subfield code="b">2019-07-19T16:10:29Z</subfield></datafield><datafield tag="DAT" ind1="2" ind2=" "><subfield code="a">2015-10-02T18:00:03Z</subfield></datafield><datafield tag="CAT" ind1=" " ind2=" "><subfield code="a">SDR-MIU</subfield><subfield code="d">EX LIBRIS - ALEPH</subfield><subfield code="l">prepare.pl-004-008</subfield></datafield><datafield tag="FMT" ind1=" " ind2=" "><subfield code="a">BK</subfield></datafield><datafield tag="HOL" ind1=" " ind2=" "><subfield code="0">sdr-miu006812457</subfield><subfield code="a">MiU</subfield><subfield code="b">SDR</subfield><subfield code="c">MIU</subfield><subfield code="p">mdp.39015079128073</subfield><subfield code="s">MIU</subfield><subfield code="1">006812457</subfield></datafield><datafield tag="974" ind1=" " ind2=" "><subfield code="b">MIU</subfield><subfield code="c">MIU</subfield><subfield code="d">20190719</subfield><subfield code="s">lit-dlps-dc</subfield><subfield code="u">mdp.39015079128073</subfield><subfield code="y">1299</subfield><subfield code="r">pd</subfield><subfield code="q">bib</subfield><subfield code="t">non-US bib date1 &lt; 1879</subfield></datafield></record></collection>